<record><leader>00000cas a22000007a 4500</leader><controlfield tag="001">40855388</controlfield><controlfield tag="008">990225d1953195uncuwr ne      0    0eng d</controlfield><datafield ind1=" " ind2=" " tag="010"><subfield code="a">sn 98058903 </subfield></datafield><datafield ind1=" " ind2=" " tag="040"><subfield code="a">NVJ</subfield><subfield code="b">eng</subfield><subfield code="c">NVJ</subfield><subfield code="d">OCLCQ</subfield><subfield code="d">OCLCF</subfield><subfield code="d">OCLCO</subfield></datafield><datafield ind1="1" ind2=" " tag="029"><subfield code="a">AU@</subfield><subfield code="b">000020038596</subfield></datafield><datafield ind1=" " ind2=" " tag="042"><subfield code="a">msc</subfield></datafield><datafield ind1="0" ind2=" " tag="130"><subfield code="a">County news (Statesville, N.C. : 1953)</subfield></datafield><datafield ind1="0" ind2="4" tag="245"><subfield code="a">The county news.</subfield></datafield><datafield ind1=" " ind2=" " tag="260"><subfield code="a">Iredell County [N.C.] :</subfield><subfield code="b">Mary Hill Long</subfield></datafield><datafield ind1=" " ind2=" " tag="300"><subfield code="a">v.</subfield></datafield><datafield ind1=" " ind2=" " tag="310"><subfield code="a">Weekly</subfield></datafield><datafield ind1="0" ind2=" " tag="362"><subfield code="a">Vol. 1, no. 1 (Oct. 30, 1953)-</subfield></datafield><datafield ind1=" " ind2="0" tag="651"><subfield code="a">Statesville (N.C.)</subfield><subfield code="v">Newspapers.</subfield></datafield><datafield ind1=" " ind2="0" tag="651"><subfield code="a">Iredell County (N.C.)</subfield><subfield code="v">Newspapers.</subfield></datafield><datafield ind1=" " ind2="7" tag="655"><subfield code="a">Newspapers.</subfield><subfield code="2">fast</subfield><subfield code="0">(OCoLC)fst01423814</subfield></datafield><datafield ind1=" " ind2="7" tag="651"><subfield code="a">North Carolina</subfield><subfield code="z">Iredell County.</subfield><subfield code="2">fast</subfield><subfield code="0">(OCoLC)fst01204548</subfield></datafield><datafield ind1=" " ind2="7" tag="651"><subfield code="a">North Carolina</subfield><subfield code="z">Statesville.</subfield><subfield code="2">fast</subfield><subfield code="0">(OCoLC)fst01213159</subfield></datafield><datafield ind1=" " ind2=" " tag="752"><subfield code="a">United States</subfield><subfield code="b">North Carolina</subfield><subfield code="c">Iredell</subfield><subfield code="d">Statesville.</subfield></datafield><datafield ind1="0" ind2="0" tag="785"><subfield code="t">Iredell County news (Statesville, N.C. : 1954)</subfield><subfield code="w">(DLC)sn 97064594</subfield></datafield></record>